@BOOK{Klein1993,
   author = "Cornelius Klein, Cornelius S. Hurlbut Jr., after James D. Dana",
   title= "Manual of Mineralogy Twenty-First Edition, Revised",
   publisher = "John Wiley & Sons, Inc.",
   year = 1978
   }

@BOOK{Peters1987,
   author = "William C. Peters",
   title= "Exploration and Mining Geology Second Edition",
   publisher = "John Wiley & Sons, Inc.",
   year = 1978
   }

@misc{
Marcon2012,
Author = {P. Marcon and K. Ostanina},
Title = {Overview of Methods for Magnetic Susceptibility Measurement},
Journal = {PIERS Proceedings, Kuala Lumpur, MALAYSIA},
Year = {2012}}

@misc{
Dunn2002,
Author = {Dunn, K-J., Bergman, D.J., and LaTorraca, G.A.},
Title = {Nuclear Magnetic Resonance--Petrophysical and Logging Applications},
Journal = {Handbook of Geophysical Exploration},
Volume = {32},
Year = {2002} }


@misc{Croudace2006,
  author    = {I.W. Croudace, A. Rindby, R.G. Rothwell},
  title     = {{ITRAX: description and evaluation of a new multi-function X-ray core scanner}},
  journal   = New Techniques in Sediment Core Analysis, Special Publications, Geological Society, London (2006),},
  pages     = {pp. 51â€“63}
}


@misc{
Lascu2009,
Author = {I. Lascu},
Title = {Magnetic Susceptibility Logging For Cores},
Journal = {Limnological Research Center Core Facility, SOP series},
Year = {2009} }

@misc{
Nowaczyk2001,
Author = {Nobert R. Nowaczyk},
Title = {Logging of magnetic susceptibility},
Journal = {Tracking Enviromental Change Using Lake Sediments},
Volume = {1},
Pages = {155-170},
Year = {2001} }

@misc{
Potter2005,
Author = {David K. Potter},
Title = {MAGNETIC SUSCEPTIBILITY AS A RAPID, NONDESTRUCTIVE
TECHNIQUE FOR IMPROVED RCAL AND SCAL PARAMETER PREDICTION},
Journal = {the International Symposium of the Society of Core Analysts},
Year = {2005} }